%% This BibTeX bibliography file was created using BibDesk.
%% http://bibdesk.sourceforge.net/


%% Created for Dasha at 2016-04-14 17:06:23 +0200 


%% Saved with string encoding Unicode (UTF-8) 



@techreport{ar-research,
	Author = {Sanni Siltanen},
	Date-Added = {2016-04-14 15:03:32 +0000},
	Date-Modified = {2016-04-14 15:06:22 +0000},
	Institution = {VTT Technical Research Centre of Finland},
	Title = {Theory and applications of marker-based augmented reality},
	Year = {2012},
	Bdsk-File-1 = {YnBsaXN0MDDUAQIDBAUGJCVYJHZlcnNpb25YJG9iamVjdHNZJGFyY2hpdmVyVCR0b3ASAAGGoKgHCBMUFRYaIVUkbnVsbNMJCgsMDxJXTlMua2V5c1pOUy5vYmplY3RzViRjbGFzc6INDoACgAOiEBGABIAFgAdccmVsYXRpdmVQYXRoWWFsaWFzRGF0YV8QEi4uL0FSX3Jlc2VhcmNoLnBkZtIXCxgZV05TLmRhdGFPEQGmAAAAAAGmAAIAAAxNYWNpbnRvc2ggSEQAAAAAAAAAAAAAAAAAAADOZgQXSCsAAAN1HBIPQVJfcmVzZWFyY2gucGRmAAAAAAAAAAAAAAAAAAAAAAAAAAAAAAAAAAAAAAAAAAAAAAAAAAAAAAAAAAAAAAAABPTlJdM1fbIAAAAAAAAAAAABAAEAAAkgAAAAAAAAAAAAAAAAAAAACGRpcGxvbWthABAACAAAzmXn9wAAABEACAAA0zVhkgAAAAEAFAN1HBIAsxAXAAbp1AAG6dMAAmB1AAIARU1hY2ludG9zaCBIRDpVc2VyczoARGFzaGE6AERvY3VtZW50czoAQ1ZVVDoAZGlwbG9ta2E6AEFSX3Jlc2VhcmNoLnBkZgAADgAgAA8AQQBSAF8AcgBlAHMAZQBhAHIAYwBoAC4AcABkAGYADwAaAAwATQBhAGMAaQBuAHQAbwBzAGgAIABIAEQAEgAzVXNlcnMvRGFzaGEvRG9jdW1lbnRzL0NWVVQvZGlwbG9ta2EvQVJfcmVzZWFyY2gucGRmAAATAAEvAAAVAAIADP//AACABtIbHB0eWiRjbGFzc25hbWVYJGNsYXNzZXNdTlNNdXRhYmxlRGF0YaMdHyBWTlNEYXRhWE5TT2JqZWN00hscIiNcTlNEaWN0aW9uYXJ5oiIgXxAPTlNLZXllZEFyY2hpdmVy0SYnVHJvb3SAAQAIABEAGgAjAC0AMgA3AEAARgBNAFUAYABnAGoAbABuAHEAcwB1AHcAhACOAKMAqACwAloCXAJhAmwCdQKDAocCjgKXApwCqQKsAr4CwQLGAAAAAAAAAgEAAAAAAAAAKAAAAAAAAAAAAAAAAAAAAsg=}}

@misc{node-benefits,
	Author = {Kenneth Peeples},
	Date-Added = {2016-04-03 21:29:08 +0000},
	Date-Modified = {2016-04-03 21:30:18 +0000},
	Howpublished = {\url{https://dzone.com/articles/what-are-benefits-nodejs} [Accessed: 3 Feb 2016]},
	Month = {May},
	Title = {What are the Benefits of Node.js?},
	Year = {2015}}

@misc{why-node,
	Author = {Tomislav Capan},
	Date-Added = {2016-04-03 21:21:16 +0000},
	Date-Modified = {2016-04-03 21:27:27 +0000},
	Howpublished = {\url{https://www.toptal.com/nodejs/why-the-hell-would-i-use-node-js} [Accessed: 2 Feb 2016]},
	Title = {Why The Hell Would I Use Node.js? A Case-by-Case Tutorial},
	Year = {2013}}

@manual{nodejs,
	Note = {[Accessed: 3 Feb 2016]},
	Organization = {Node.js Foundation},
	Title = {Node.js},
	Url = {https://nodejs.org},
	Bdsk-Url-1 = {https://nodejs.org}}
